

<ns0:record>
<ns0:recordSchema>unimarc</ns0:recordSchema>
<ns0:recordPacking>string</ns0:recordPacking>
<ns0:recordData>
<record>
<controlfield tag="005">20230424134457.000</controlfield>
<leader>     cam0 22        450 </leader>
<controlfield tag="001">261965441</controlfield>
<controlfield tag="003">http://www.sudoc.fr/261965441</controlfield>
<datafield tag="035" ind1=" " ind2=" "><subfield code="a">(OCoLC)1312259887</subfield></datafield>
<datafield tag="010" ind1=" " ind2=" "><subfield code="a">978-2-7574-3562-5</subfield>
<subfield code="b">br.</subfield>
<subfield code="d">23 EUR</subfield></datafield>
<datafield tag="073" ind1=" " ind2="1"><subfield code="a">9782757435625</subfield></datafield>
<datafield tag="100" ind1=" " ind2=" "><subfield code="a">20220425h20222022k  y0frey50      ba</subfield></datafield>
<datafield tag="101" ind1="0" ind2=" "><subfield code="a">fre</subfield>
<subfield code="2">639-2</subfield></datafield>
<datafield tag="105" ind1=" " ind2=" "><subfield code="a">a   a   000yy</subfield></datafield>
<datafield tag="106" ind1=" " ind2=" "><subfield code="a">r</subfield></datafield>
<datafield tag="181" ind1=" " ind2=" "><subfield code="6">z01</subfield>
<subfield code="c">txt</subfield>
<subfield code="2">rdacontent</subfield></datafield>
<datafield tag="181" ind1=" " ind2="1"><subfield code="6">z01</subfield>
<subfield code="a">i#</subfield>
<subfield code="b">xxxe##</subfield></datafield>
<datafield tag="182" ind1=" " ind2=" "><subfield code="6">z01</subfield>
<subfield code="c">n</subfield>
<subfield code="2">rdamedia</subfield></datafield>
<datafield tag="182" ind1=" " ind2="1"><subfield code="6">z01</subfield>
<subfield code="a">n</subfield></datafield>
<datafield tag="183" ind1=" " ind2="1"><subfield code="6">z01</subfield>
<subfield code="a">nga</subfield>
<subfield code="2">RDAfrCarrier</subfield></datafield>
<datafield tag="102" ind1=" " ind2=" "><subfield code="a">FR</subfield></datafield>
<datafield tag="320" ind1=" " ind2=" "><subfield code="a">Bibliographie p. 231-249. Notes bibliographiques</subfield></datafield>
<datafield tag="200" ind1="1" ind2=" "><subfield code="a">In&#233;galit&#233; de genre dans l'enseignement et la formation professionnels</subfield>
<subfield code="f">Joachim Benet Rivi&#232;re et S&#233;verine Depoilly (dir.)</subfield>
<subfield code="g">avec les contributions de Joachim Benet Rivi&#232;re, Isabelle Collet, S&#233;verine Depoilly... [et al.]</subfield></datafield>
<datafield tag="700" ind1=" " ind2="1"><subfield code="3">262111446</subfield>
<subfield code="a">Benet Rivi&#232;re</subfield>
<subfield code="b">Joachim</subfield>
<subfield code="f">19..-....</subfield>
<subfield code="c">sociologue</subfield>
<subfield code="4">651</subfield>
<subfield code="4">070</subfield></datafield>
<datafield tag="701" ind1=" " ind2="1"><subfield code="3">162216661</subfield>
<subfield code="a">Depoilly</subfield>
<subfield code="b">S&#233;verine</subfield>
<subfield code="f">1979-....</subfield>
<subfield code="4">651</subfield>
<subfield code="4">070</subfield></datafield>
<datafield tag="701" ind1=" " ind2="1"><subfield code="3">094654972</subfield>
<subfield code="a">Collet</subfield>
<subfield code="b">Isabelle</subfield>
<subfield code="f">1969-....</subfield>
<subfield code="4">070</subfield></datafield>
<datafield tag="701" ind1=" " ind2="1"><subfield code="3">050348191</subfield>
<subfield code="a">Divay</subfield>
<subfield code="b">Sophie</subfield>
<subfield code="f">19..-....</subfield>
<subfield code="4">070</subfield></datafield>
<datafield tag="701" ind1=" " ind2="1"><subfield code="3">152325034</subfield>
<subfield code="a">Divert</subfield>
<subfield code="b">Nicolas</subfield>
<subfield code="f">1978-...</subfield>
<subfield code="4">070</subfield></datafield>
<datafield tag="701" ind1=" " ind2="1"><subfield code="3">262112701</subfield>
<subfield code="a">Gu&#233;lat</subfield>
<subfield code="b">Oph&#233;lie</subfield>
<subfield code="f">19..-....</subfield>
<subfield code="4">070</subfield></datafield>
<datafield tag="701" ind1=" " ind2="1"><subfield code="3">114334404</subfield>
<subfield code="a">Kergoat</subfield>
<subfield code="b">Prisca</subfield>
<subfield code="f">1972-....</subfield>
<subfield code="4">070</subfield></datafield>
<datafield tag="701" ind1=" " ind2="1"><subfield code="3">253616700</subfield>
<subfield code="a">Kuehni</subfield>
<subfield code="b">Morgane</subfield>
<subfield code="f">19..-....</subfield>
<subfield code="4">070</subfield></datafield>
<datafield tag="701" ind1=" " ind2="1"><subfield code="3">136755798</subfield>
<subfield code="a">Lamamra</subfield>
<subfield code="b">Nadia</subfield>
<subfield code="f">19..-....</subfield>
<subfield code="4">070</subfield></datafield>
<datafield tag="701" ind1=" " ind2="1"><subfield code="3">143245880</subfield>
<subfield code="a">Lem&#234;tre</subfield>
<subfield code="b">Claire</subfield>
<subfield code="f">1974-....</subfield>
<subfield code="4">070</subfield></datafield>
<datafield tag="701" ind1=" " ind2="1"><subfield code="3">259756814</subfield>
<subfield code="a">Lermusiaux</subfield>
<subfield code="b">Alice</subfield>
<subfield code="f">1993-....</subfield>
<subfield code="4">070</subfield></datafield>
<datafield tag="701" ind1=" " ind2="1"><subfield code="3">129209872</subfield>
<subfield code="a">Maillard</subfield>
<subfield code="b">Fabienne</subfield>
<subfield code="f">19..-....</subfield>
<subfield code="c">Membre du jury d'une th&#232;se de doctorat en Sciences de l'&#233;ducation et de la formation</subfield>
<subfield code="4">070</subfield></datafield>
<datafield tag="701" ind1=" " ind2="1"><subfield code="3">034979344</subfield>
<subfield code="a">Morley</subfield>
<subfield code="b">Chantal</subfield>
<subfield code="f">19..-....</subfield>
<subfield code="4">070</subfield></datafield>
<datafield tag="701" ind1=" " ind2="1"><subfield code="3">166017043</subfield>
<subfield code="a">Orange</subfield>
<subfield code="b">Sophie</subfield>
<subfield code="f">19..-....</subfield>
<subfield code="4">070</subfield></datafield>
<datafield tag="701" ind1=" " ind2="1"><subfield code="3">119139529</subfield>
<subfield code="a">Renard</subfield>
<subfield code="b">Fanny</subfield>
<subfield code="f">1975-....</subfield>
<subfield code="4">070</subfield></datafield>
<datafield tag="701" ind1=" " ind2="1"><subfield code="3">132669447</subfield>
<subfield code="a">Rey</subfield>
<subfield code="b">S&#233;verine</subfield>
<subfield code="f">19..-....</subfield>
<subfield code="4">070</subfield></datafield>
<datafield tag="701" ind1=" " ind2="1"><subfield code="3">133026752</subfield>
<subfield code="a">Roll</subfield>
<subfield code="b">Sandrine</subfield>
<subfield code="f">1979-....</subfield>
<subfield code="4">070</subfield></datafield>
<datafield tag="801" ind1=" " ind2="3"><subfield code="a">FR</subfield>
<subfield code="b">Abes</subfield>
<subfield code="c">20230424</subfield>
<subfield code="g">AFNOR</subfield></datafield>
<datafield tag="214" ind1=" " ind2="0"><subfield code="a">Villeneuve d'Ascq</subfield>
<subfield code="c">Presses universitaires du Septentrion</subfield>
<subfield code="d">2022</subfield></datafield>
<datafield tag="215" ind1=" " ind2=" "><subfield code="a">1 volume (256 p.)</subfield>
<subfield code="c">ill., graph., couv. ill. en coul.</subfield>
<subfield code="d">24 cm</subfield></datafield>
<datafield tag="225" ind1="2" ind2=" "><subfield code="a">&#152;Le &#156;regard sociologique</subfield>
<subfield code="x">1764-9587</subfield></datafield>
<datafield tag="410" ind1=" " ind2="|"><subfield code="0">076495582</subfield>
<subfield code="t">Le Regard sociologique</subfield>
<subfield code="x">1764-9587</subfield></datafield>
<datafield tag="606" ind1=" " ind2=" "><subfield code="3">027387275</subfield>
<subfield code="a">Diff&#233;rences entre sexes en &#233;ducation</subfield>
<subfield code="3">027226794</subfield>
<subfield code="y">France</subfield>
<subfield code="3">033472890</subfield>
<subfield code="z">1945-....</subfield>
<subfield code="2">rameau</subfield></datafield>
<datafield tag="606" ind1=" " ind2=" "><subfield code="3">027387275</subfield>
<subfield code="a">Diff&#233;rences entre sexes en &#233;ducation</subfield>
<subfield code="3">027249654</subfield>
<subfield code="y">Suisse</subfield>
<subfield code="3">033472890</subfield>
<subfield code="z">1945-....</subfield>
<subfield code="2">rameau</subfield></datafield>
<datafield tag="606" ind1=" " ind2=" "><subfield code="3">029338638</subfield>
<subfield code="a">Femmes</subfield>
<subfield code="x">Enseignement professionnel</subfield>
<subfield code="3">027226794</subfield>
<subfield code="y">France</subfield>
<subfield code="3">033472890</subfield>
<subfield code="z">1945-....</subfield>
<subfield code="2">rameau</subfield></datafield>
<datafield tag="606" ind1=" " ind2=" "><subfield code="3">029338638</subfield>
<subfield code="a">Femmes</subfield>
<subfield code="x">Enseignement professionnel</subfield>
<subfield code="3">027249654</subfield>
<subfield code="y">Suisse</subfield>
<subfield code="3">033472890</subfield>
<subfield code="z">1945-....</subfield>
<subfield code="2">rameau</subfield></datafield>
<datafield tag="606" ind1=" " ind2=" "><subfield code="3">027276643</subfield>
<subfield code="a">Formation professionnelle</subfield>
<subfield code="3">033472890</subfield>
<subfield code="z">1945-....</subfield>
<subfield code="2">rameau</subfield></datafield>
<datafield tag="606" ind1=" " ind2=" "><subfield code="3">02723178X</subfield>
<subfield code="a">D&#233;mocratisation de l'enseignement</subfield>
<subfield code="3">033472890</subfield>
<subfield code="z">1945-....</subfield>
<subfield code="2">rameau</subfield></datafield>
<datafield tag="606" ind1=" " ind2=" "><subfield code="3">027762300</subfield>
<subfield code="a">Discrimination sexuelle</subfield>
<subfield code="3">033472890</subfield>
<subfield code="z">1945-....</subfield>
<subfield code="2">rameau</subfield></datafield>
<datafield tag="676" ind1=" " ind2=" "><subfield code="a">331.259</subfield></datafield>
<datafield tag="314" ind1=" " ind2=" "><subfield code="a">Autres contributions : Sophie Divay, Nicolas Divert, Oph&#233;lie Gu&#233;lat, Prisca Kergoat, Morgane Kuehni, Nadia Lamamra, Claire Lem&#234;tre, Alice Lermusiaux, Fabienne Maillard, Chantal Morley, Sophie Orange, Fanny Renard, S&#233;verine Rey, Sandrine Roll (auteurs)</subfield></datafield>
<datafield tag="359" ind1="2" ind2=" "><subfield code="p">P. 9</subfield>
<subfield code="b">Introduction g&#233;n&#233;rale / Joachim Benet Rivi&#232;re, S&#233;verine Depoilly</subfield>
<subfield code="b">Partie I. L'enseignement professionnel et les moyens de la reproduction des ing&#233;lit&#233;s : politiques, offre de formation et contenus</subfield>
<subfield code="p">P. 37</subfield>
<subfield code="c">Chapitre 1. La formation des filles dans la voie professionnelle : entre gestion des flux et professionnalisation diff&#233;r&#233;e. L'exemple des dipl&#244;me du tertiaire administratif / Fabienne Maillard</subfield>
<subfield code="p">P. 53</subfield>
<subfield code="c">Chapitre 2. Los in orientation : les bacheli&#232;res profesionnelles face &#224; la poursuite d'&#233;tudes / Claire Lem&#234;tre, Sophie Orange</subfield>
<subfield code="p">P. 77</subfield>
<subfield code="c">Chapitre 3. Les naturalisations de f&#233;minit&#233;s populaires dans l'enseignement professionnel / Nicolas Divert, Fanny Renard</subfield>
<subfield code="b">Partie II. Des formations "f&#233;minines" au coeur des paradoxes</subfield>
<subfield code="p">P. 95</subfield>
<subfield code="c">Chapitre 4. L'enseignement m&#233;nager au d&#233;but du XXe si&#232;cle : un enseignement et un mode d'action genr&#233;s / Sandrine Roll</subfield>
<subfield code="p">P. 109</subfield>
<subfield code="c">Chapitre 5. Le genre : un non-sujet dans la formation professionnelle des futur.e.s cadres de sant&#233; / Sophie Divay</subfield>
<subfield code="p">P.125</subfield>
<subfield code="c">Chapitre 6. Les ressorts de la socialisation genr&#233;e dans la formation en soins infirmiers / Alice Lermusiaux</subfield>
<subfield code="b">Partie III. Des minoritaires de genre au coeur des transgressions</subfield>
<subfield code="p">P. 151</subfield>
<subfield code="c">Chapitre 7. Le genre des parcours d'insertion : se former et entrer dans des professions peu mixtes / S&#233;verine Rey, Oph&#233;lie Gu&#233;lat et Morgane Kuehni</subfield>
<subfield code="p">P. 169</subfield>
<subfield code="c">Chapitre 8. Pistes pour l'inclusion des femmes dans les fili&#232;res informatiques de la Haute &#233;cole sp&#233;cialis&#233;e de Suisse occidentale (HES-SO) / Isabelle Collet, Chantal Morley</subfield>
<subfield code="b">Partie IV. Du jeu dans la domination</subfield>
<subfield code="p">P. 189</subfield>
<subfield code="c">Chapitre 9. De l'indocilit&#233; des filles des classes populaires / Prisca Kergoat</subfield>
<subfield code="p">P. 203</subfield>
<subfield code="c">Chapitre 10. Jeux de genre en formation professionnelle initiale. Socialisations, distance aux normes et r&#233;sistances / Nadia Lamamra</subfield>
<subfield code="p">P. 223</subfield>
<subfield code="b">Conclusion g&#233;n&#233;rale / Joachim Benet Rivi&#232;re, S&#233;verine Depoilly</subfield></datafield>
<datafield tag="338" ind1=" " ind2=" "><subfield code="b">Universit&#233; de Poitiers</subfield>
<subfield code="b">Maison des Sciences de l'Homme et de la Soci&#233;t&#233; de Poitiers, Laboratoire GRESCO</subfield>
<subfield code="b">Institut National du Professorat et de l'&#233;ducation - Acad&#233;mie de Poitiers</subfield>
<subfield code="b">R&#233;gion Nouvelle Aquitaine</subfield>
<subfield code="b">Communaut&#233; d'agglom&#233;ration du Grand Poitiers</subfield>
<subfield code="c">CPER INSECT "Innovation Sociale, &#201;conomique et Culturelle dans des Territoires en mutation"</subfield></datafield>
<datafield tag="330" ind1=" " ind2=" "><subfield code="a">L'enseignement et la formation professionnels forment chaque ann&#233;e des jeunes femmes et des jeunes hommes en lyc&#233;e professionnel, en centre d'apprentis et dans le sup&#233;rieur. Mais qui forme-t-on &#224; quoi ? Comment se distribuent femmes et hommes dans l'enseignement et la formation professionnels ? Quelles conditions de formation s'imposent aux unes et autres ? Si ces segments du syst&#232;me de formation sont des observatoires privil&#233;gi&#233;s des in&#233;galit&#233;s entre les sexes en train de se faire, ils permettent aussi de saisir comment et &#224; quelles conditions ces in&#233;galit&#233;s peuvent se d&#233;placer, se renouveler, se transformer. &#192; la crois&#233;e d'une sociologie de l'&#233;ducation, de la formation et du travail, les contributions permettent de comprendre les processus par lesquels op&#232;re la reproduction des in&#233;galit&#233;s entre les sexes. Analyser la place des femmes et des hommes en formation, c'est aussi s'int&#233;resser aux changements, &#224; celles et ceux qui tentent de r&#233;sister, de s'&#233;manciper des places auxquelles on les assigne, des r&#244;les qu'on leur attribue. Cet ouvrage propose de se saisir de ces questions &#224; partir d'enqu&#234;tes sociologiques et historiques r&#233;centes, dans les contextes de formation fran&#231;ais et suisses</subfield>
<subfield code="2">4e de couverture</subfield></datafield>
<datafield tag="930" ind1=" " ind2=" "><subfield code="5">800212104:73855040X</subfield>
<subfield code="b">800212104</subfield>
<subfield code="j">u</subfield></datafield>
<datafield tag="930" ind1=" " ind2=" "><subfield code="5">490072106:734345194</subfield>
<subfield code="b">490072106</subfield>
<subfield code="j">s</subfield></datafield>
<datafield tag="930" ind1=" " ind2=" "><subfield code="5">620412103:727104357</subfield>
<subfield code="b">620412103</subfield>
<subfield code="a">306.43 INE</subfield>
<subfield code="j">u</subfield></datafield>
<datafield tag="930" ind1=" " ind2=" "><subfield code="5">330632102:739801007</subfield>
<subfield code="b">330632102</subfield>
<subfield code="a">306.43 INE</subfield>
<subfield code="j">u</subfield></datafield>
<datafield tag="930" ind1=" " ind2=" "><subfield code="5">332812201:735867429</subfield>
<subfield code="b">332812201</subfield>
<subfield code="a">370.19 BEN</subfield>
<subfield code="j">u</subfield></datafield>
<datafield tag="930" ind1=" " ind2=" "><subfield code="5">335222203:734444532</subfield>
<subfield code="b">335222203</subfield>
<subfield code="a">305.3 INE</subfield>
<subfield code="j">u</subfield></datafield>
<datafield tag="930" ind1=" " ind2=" "><subfield code="5">290192101:731786866</subfield>
<subfield code="b">290192101</subfield>
<subfield code="a">305.43 BEN</subfield>
<subfield code="j">u</subfield></datafield>
<datafield tag="930" ind1=" " ind2=" "><subfield code="5">290195201:72562602X</subfield>
<subfield code="b">290195201</subfield>
<subfield code="j">u</subfield></datafield>
<datafield tag="930" ind1=" " ind2=" "><subfield code="5">292322101:725889578</subfield>
<subfield code="b">292322101</subfield>
<subfield code="j">u</subfield></datafield>
<datafield tag="930" ind1=" " ind2=" "><subfield code="5">141182101:734394233</subfield>
<subfield code="b">141182101</subfield>
<subfield code="c">PS_ED</subfield>
<subfield code="a">331.259 INE</subfield>
<subfield code="j">u</subfield>
<subfield code="2">cdd</subfield></datafield>
<datafield tag="930" ind1=" " ind2=" "><subfield code="5">212312246:727395629</subfield>
<subfield code="b">212312246</subfield>
<subfield code="a">37.043 INE</subfield>
<subfield code="j">g</subfield></datafield>
<datafield tag="930" ind1=" " ind2=" "><subfield code="5">912282101:744470943</subfield>
<subfield code="b">912282101</subfield>
<subfield code="a">305.3 BEN ine</subfield>
<subfield code="j">u</subfield></datafield>
<datafield tag="930" ind1=" " ind2=" "><subfield code="5">384212103:727390538</subfield>
<subfield code="b">384212103</subfield>
<subfield code="j">g</subfield></datafield>
<datafield tag="930" ind1=" " ind2=" "><subfield code="5">974112103:793203880</subfield>
<subfield code="b">974112103</subfield>
<subfield code="j">u</subfield></datafield>
<datafield tag="930" ind1=" " ind2=" "><subfield code="5">763512101:742581756</subfield>
<subfield code="b">763512101</subfield>
<subfield code="j">u</subfield></datafield>
<datafield tag="990" ind1=" " ind2=" "><subfield code="5">763512101:742581756</subfield>
<subfield code="a">E</subfield></datafield>
<datafield tag="915" ind1=" " ind2=" "><subfield code="5">590092101:75223272X</subfield>
<subfield code="a">BUSHS-2022-6233</subfield></datafield>
<datafield tag="930" ind1=" " ind2=" "><subfield code="5">590092101:75223272X</subfield>
<subfield code="b">590092101</subfield>
<subfield code="a">305.3 BEN</subfield>
<subfield code="j">u</subfield></datafield>
<datafield tag="930" ind1=" " ind2=" "><subfield code="5">590092102:734570937</subfield>
<subfield code="b">590092102</subfield>
<subfield code="a">371.821 INE</subfield>
<subfield code="j">u</subfield></datafield>
<datafield tag="930" ind1=" " ind2=" "><subfield code="5">870852107:743691849</subfield>
<subfield code="b">870852107</subfield>
<subfield code="j">u</subfield></datafield>
<datafield tag="930" ind1=" " ind2=" "><subfield code="5">870852302:736827641</subfield>
<subfield code="b">870852302</subfield>
<subfield code="j">u</subfield></datafield>
<datafield tag="930" ind1=" " ind2=" "><subfield code="5">693842301:736640711</subfield>
<subfield code="b">693842301</subfield>
<subfield code="j">u</subfield></datafield>
<datafield tag="930" ind1=" " ind2=" "><subfield code="5">693872306:726017736</subfield>
<subfield code="b">693872306</subfield>
<subfield code="j">g</subfield></datafield>
<datafield tag="991" ind1=" " ind2=" "><subfield code="5">693872306:726017736</subfield>
<subfield code="a">ERG</subfield></datafield>
<datafield tag="930" ind1=" " ind2=" "><subfield code="5">774682101:75996243X</subfield>
<subfield code="b">774682101</subfield>
<subfield code="a">371.822 INE</subfield>
<subfield code="j">u</subfield></datafield>
<datafield tag="930" ind1=" " ind2=" "><subfield code="5">341722102:727271415</subfield>
<subfield code="b">341722102</subfield>
<subfield code="a">L15b BEN</subfield>
<subfield code="j">u</subfield></datafield>
<datafield tag="930" ind1=" " ind2=" "><subfield code="5">441092102:740870068</subfield>
<subfield code="b">441092102</subfield>
<subfield code="j">u</subfield></datafield>
<datafield tag="930" ind1=" " ind2=" "><subfield code="5">441092207:739517724</subfield>
<subfield code="b">441092207</subfield>
<subfield code="j">g</subfield></datafield>
<datafield tag="930" ind1=" " ind2=" "><subfield code="5">160152101:796267499</subfield>
<subfield code="b">160152101</subfield>
<subfield code="j">u</subfield></datafield>
<datafield tag="930" ind1=" " ind2=" "><subfield code="5">861942108:729412075</subfield>
<subfield code="b">861942108</subfield>
<subfield code="j">u</subfield></datafield>
<datafield tag="930" ind1=" " ind2=" "><subfield code="5">861942220:731880471</subfield>
<subfield code="b">861942220</subfield>
<subfield code="j">u</subfield></datafield>
<datafield tag="915" ind1=" " ind2=" "><subfield code="5">514542102:735024618</subfield>
<subfield code="a">DL22004275</subfield></datafield>
<datafield tag="917" ind1=" " ind2=" "><subfield code="5">514542102:735024618</subfield>
<subfield code="a">aaax</subfield></datafield>
<datafield tag="930" ind1=" " ind2=" "><subfield code="5">514542102:735024618</subfield>
<subfield code="b">514542102</subfield>
<subfield code="j">u</subfield></datafield>
<datafield tag="930" ind1=" " ind2=" "><subfield code="5">764512101:73623487X</subfield>
<subfield code="b">764512101</subfield>
<subfield code="a">305.3 INE</subfield>
<subfield code="j">u</subfield></datafield>
<datafield tag="930" ind1=" " ind2=" "><subfield code="5">764512228:780667786</subfield>
<subfield code="b">764512228</subfield>
<subfield code="a">371.822 INE i</subfield>
<subfield code="j">u</subfield></datafield>
<datafield tag="930" ind1=" " ind2=" "><subfield code="5">422182101:734660936</subfield>
<subfield code="b">422182101</subfield>
<subfield code="j">u</subfield></datafield>
<datafield tag="930" ind1=" " ind2=" "><subfield code="5">422182206:739633252</subfield>
<subfield code="b">422182206</subfield>
<subfield code="j">g</subfield></datafield>
<datafield tag="915" ind1=" " ind2=" "><subfield code="5">674821001:740543245</subfield>
<subfield code="b">36701023559896</subfield></datafield>
<datafield tag="930" ind1=" " ind2=" "><subfield code="5">674821001:740543245</subfield>
<subfield code="b">674821001</subfield>
<subfield code="l">LIVP</subfield>
<subfield code="j">u</subfield></datafield>
<datafield tag="915" ind1=" " ind2=" "><subfield code="5">674822111:763829072</subfield>
<subfield code="a">5700035453</subfield>
<subfield code="b">5700035453</subfield></datafield>
<datafield tag="917" ind1=" " ind2=" "><subfield code="5">674822111:763829072</subfield>
<subfield code="a">xxax</subfield></datafield>
<datafield tag="930" ind1=" " ind2=" "><subfield code="5">674822111:763829072</subfield>
<subfield code="b">674822111</subfield>
<subfield code="c">Salle</subfield>
<subfield code="a">370/135</subfield>
<subfield code="j">u</subfield></datafield>
<datafield tag="999" ind1=" " ind2=" "><subfield code="5">674822111:763829072</subfield>
<subfield code="c">j</subfield></datafield>
<datafield tag="915" ind1=" " ind2=" "><subfield code="5">674822117:740410180</subfield>
<subfield code="b">1300378888</subfield></datafield>
<datafield tag="917" ind1=" " ind2=" "><subfield code="5">674822117:740410180</subfield>
<subfield code="a">xxax</subfield></datafield>
<datafield tag="930" ind1=" " ind2=" "><subfield code="5">674822117:740410180</subfield>
<subfield code="b">674822117</subfield>
<subfield code="c">SALLE</subfield>
<subfield code="a">370.19/RIVI</subfield>
<subfield code="j">u</subfield></datafield>
<datafield tag="999" ind1=" " ind2=" "><subfield code="5">674822117:740410180</subfield>
<subfield code="c">j</subfield></datafield>
<datafield tag="930" ind1=" " ind2=" "><subfield code="5">315552102:742146367</subfield>
<subfield code="b">315552102</subfield>
<subfield code="a">331.259 INE</subfield>
<subfield code="j">u</subfield></datafield>
<datafield tag="930" ind1=" " ind2=" "><subfield code="5">315552355:727920960</subfield>
<subfield code="b">315552355</subfield>
<subfield code="a">373.246 INE</subfield>
<subfield code="j">g</subfield></datafield>
<datafield tag="930" ind1=" " ind2=" "><subfield code="5">372612102:732162114</subfield>
<subfield code="b">372612102</subfield>
<subfield code="j">u</subfield></datafield>
<datafield tag="930" ind1=" " ind2=" "><subfield code="5">751162313:727493221</subfield>
<subfield code="b">751162313</subfield>
<subfield code="a">370.19 INE</subfield>
<subfield code="j">u</subfield></datafield>
<datafield tag="930" ind1=" " ind2=" "><subfield code="5">920502102:743671376</subfield>
<subfield code="b">920502102</subfield>
<subfield code="j">u</subfield></datafield>
<datafield tag="930" ind1=" " ind2=" "><subfield code="5">920502208:76262664X</subfield>
<subfield code="b">920502208</subfield>
<subfield code="j">g</subfield></datafield>
<datafield tag="930" ind1=" " ind2=" "><subfield code="5">920502211:782133916</subfield>
<subfield code="b">920502211</subfield>
<subfield code="j">s</subfield></datafield>
<datafield tag="930" ind1=" " ind2=" "><subfield code="5">930662302:775935387</subfield>
<subfield code="b">930662302</subfield>
<subfield code="j">u</subfield></datafield>
<datafield tag="930" ind1=" " ind2=" "><subfield code="5">940112301:729759350</subfield>
<subfield code="b">940112301</subfield>
<subfield code="j">u</subfield></datafield>
<datafield tag="915" ind1=" " ind2=" "><subfield code="5">751052116:746072392</subfield>
<subfield code="b">109013332167</subfield></datafield>
<datafield tag="930" ind1=" " ind2=" "><subfield code="5">751052116:746072392</subfield>
<subfield code="b">751052116</subfield>
<subfield code="a">8 U SUP 58259</subfield>
<subfield code="j">s</subfield></datafield>
<datafield tag="930" ind1=" " ind2=" "><subfield code="5">751062113:742444856</subfield>
<subfield code="b">751062113</subfield>
<subfield code="j">u</subfield></datafield>
<datafield tag="930" ind1=" " ind2=" "><subfield code="5">543952103:727102680</subfield>
<subfield code="b">543952103</subfield>
<subfield code="a">371.8 BEN</subfield>
<subfield code="j">u</subfield></datafield>
<datafield tag="915" ind1=" " ind2=" "><subfield code="5">751052322:731842030</subfield>
<subfield code="b">12501000438310</subfield></datafield>
<datafield tag="917" ind1=" " ind2=" "><subfield code="5">751052322:731842030</subfield>
<subfield code="a">xxax</subfield></datafield>
<datafield tag="930" ind1=" " ind2=" "><subfield code="5">751052322:731842030</subfield>
<subfield code="b">751052322</subfield>
<subfield code="c">acsdl</subfield>
<subfield code="a">GL 305.43 INE</subfield>
<subfield code="j">g</subfield></datafield>
<datafield tag="992" ind1=" " ind2=" "><subfield code="5">751052322:731842030</subfield>
<subfield code="a">305.43</subfield>
<subfield code="2">Dewey</subfield></datafield>
<datafield tag="999" ind1=" " ind2=" "><subfield code="5">751052322:731842030</subfield>
<subfield code="c">c</subfield></datafield>
<datafield tag="915" ind1=" " ind2=" "><subfield code="5">751142308:759919178</subfield>
<subfield code="b">J0147429</subfield></datafield>
<datafield tag="930" ind1=" " ind2=" "><subfield code="5">751142308:759919178</subfield>
<subfield code="b">751142308</subfield>
<subfield code="j">g</subfield></datafield>
<datafield tag="931" ind1=" " ind2=" "><subfield code="5">751142308:759919178</subfield>
<subfield code="b">751142308</subfield>
<subfield code="c">jo0</subfield></datafield>
<datafield tag="990" ind1=" " ind2=" "><subfield code="5">751142308:759919178</subfield>
<subfield code="a">afe</subfield></datafield>
<datafield tag="930" ind1=" " ind2=" "><subfield code="5">590092243:736023402</subfield>
<subfield code="b">590092243</subfield>
<subfield code="a">306.7 INE</subfield>
<subfield code="j">u</subfield></datafield>
<datafield tag="930" ind1=" " ind2=" "><subfield code="5">591782202:794477569</subfield>
<subfield code="b">591782202</subfield>
<subfield code="a">373 INE</subfield>
<subfield code="j">u</subfield></datafield>
<datafield tag="930" ind1=" " ind2=" "><subfield code="5">620412209:734801653</subfield>
<subfield code="b">620412209</subfield>
<subfield code="a">373 RIV</subfield>
<subfield code="j">u</subfield></datafield>
<datafield tag="930" ind1=" " ind2=" "><subfield code="5">751062210:777186861</subfield>
<subfield code="b">751062210</subfield>
<subfield code="a">E 140 BEN</subfield>
<subfield code="j">u</subfield></datafield>
<datafield tag="930" ind1=" " ind2=" "><subfield code="5">930012301:741318024</subfield>
<subfield code="b">930012301</subfield>
<subfield code="j">u</subfield></datafield>
<datafield tag="990" ind1=" " ind2=" "><subfield code="5">930012301:741318024</subfield>
<subfield code="a">PA</subfield></datafield>
<datafield tag="930" ind1=" " ind2=" "><subfield code="5">422182305:785070885</subfield>
<subfield code="b">422182305</subfield>
<subfield code="j">u</subfield></datafield></record></ns0:recordData><ns0:recordPosition>2</ns0:recordPosition></ns0:record>
</ns0:records>
    <ns0:echoedSearchRetrieveRequest>
	<ns0:version>1.1</ns0:version>
	<ns0:query>aut%3DRenard+alice+and+apu%3E2021</ns0:query>
	<ns0:xQuery><ns1:triple><ns1:boolean> <ns1:value>and</ns1:value></ns1:boolean><ns1:leftOperand><ns1:triple><ns1:boolean> <ns1:value>and</ns1:value></ns1:boolean><ns1:leftOperand><ns1:searchClause><ns1:index>aut</ns1:index><ns1:relation><ns1:value>=</ns1:value></ns1:relation><ns1:term>Renard</ns1:term></ns1:searchClause></ns1:leftOperand><ns1:rightOperand><ns1:searchClause><ns1:index>aut</ns1:index><ns1:relation><ns1:value>=</ns1:value></ns1:relation><ns1:term>alice</ns1:term></ns1:searchClause></ns1:rightOperand></ns1:triple></ns1:leftOperand><ns1:rightOperand><ns1:searchClause><ns1:index>apu</ns1:index><ns1:relation><ns1:value>&gt;</ns1:value></ns1:relation><ns1:term>2021</ns1:term></ns1:searchClause></ns1:rightOperand></ns1:triple></ns0:xQuery>
	<startRecord>1</startRecord>
	<maximumRecords>100</maximumRecords>
	<ns0:recordPacking>string</ns0:recordPacking>
	<ns0:recordSchema>unimarc</ns0:recordSchema>
	
	<ns0:stylesheet>/cbs/sru/DB=2.1/?xsl=searchRetrieveResponse</ns0:stylesheet>
    </ns0:echoedSearchRetrieveRequest>
    <ns2:diagnostics>
        <ns2:uri>info:srw/diagnostic/1/0</ns2:uri>
	
	
    </ns2:diagnostics>
    <ns0:extraResponseData>
	
        <ns3:authenticationToken>U11506,Klecteursru,D2.1,Ed309d1e2-0,I1,B341720001+,SY,A%5C9008+1,,J,H2-26,,29,,34,,39,,44,,49-50,,53-78,,80-87,NLECTEUR+WEBSRU,Rwww.sudoc.abes.fr,FN</ns3:authenticationToken>
        <ns4:resultGrouping>
	    
	    
	</ns4:resultGrouping>
    </ns0:extraResponseData>
</ns0:searchRetrieveResponse>